@online {InvestopiaJournal,
    title = {What Is a Journal in Accounting, Investing, and Trading?},
    author = {James Chen},
    editor = {Khadija Khartit},
    year = 2023,
    month = {June},
    url = {https://www.investopedia.com/terms/j/journal.asp},
    urldate = {04/03/2024},
    publisher = { Investopedia }
}

@online {NetsuiteJournal,
    title = {What Is a Journal Entry in Accounting? A Guide},
    author = {Scott Beaver},
    year = 2022,
    month = {September},
    url = {https://www.netsuite.com/portal/resource/articles/accounting/journal-entry.shtml},
    urldate = {04/03/2024},
    publisher = {Netsuite}
}

@online {NetsuiteDebitsCredit,
    title = {Accounting 101: Debits and Credits},
    author = {Rebeca Bichachi},
    year = 2022,
    month = {May},
    url = {https://www.netsuite.com/portal/resource/articles/accounting/debits-credits.shtml},
    urldate = {04/04/2024},
    publisher = {Netsuite}
}

@online {AccountingCoachDebit,
    title = {Why are assets and expenses increased with a debit?},
    author = {Harold Averkamp},
    url = {https://www.accountingcoach.com/blog/assets-expenses-increased-with-debit},
    urldate = {04/04/2024},
    publisher = {Accounting Coach}
}
